%% .bib references created via Google Scholar. (find source article, click "cite", then click on "BibTeX" on the bottomleft to generate code).


% Source: https://scholar.googleusercontent.com/scholar.bib?q=info:T8KCzHnzQbAJ:scholar.google.com/&output=citation&scisdr=ClH3G_eSEOHPyA6wwcM:AFWwaeYAAAAAZru22cODpX05HhO8Fc01014LnNk&scisig=AFWwaeYAAAAAZru22bRm1mpETL8skLNpozJ0z2c&scisf=4&ct=citation&cd=-1&hl=en

@article{bacon2005confronting,
  title={Confronting the coffee crisis: can fair trade, organic, and specialty coffees reduce small-scale farmer vulnerability in northern Nicaragua?},
  author={Bacon, Christopher},
  journal={World development},
  volume={33},
  number={3},
  pages={497--511},
  year={2005},
  publisher={Elsevier}
}


%% Source: https://scholar.googleusercontent.com/scholar.bib?q=info:y02x7e1m7TgJ:scholar.google.com/&output=citation&scisdr=ClH3G_eSEOHPyA6p2l0:AFWwaeYAAAAAZruvwl1UXE74AONllVU_w7xviC0&scisig=AFWwaeYAAAAAZruvwr_TK-pbPE2AoZlfi7aegJk&scisf=4&ct=citation&cd=-1&hl=en

@article{storer2023sweet,
  title={Sweet and Timely Insurance: The Role of Honey in Reducing Coffee Producer Food Insecurity Exposure in Mexico},
  author={Storer, Grant Xavier},
  year={2023}
}

% Source: https://scholar.googleusercontent.com/scholar.bib?q=info:Wm_tSLo5YxgJ:scholar.google.com/&output=citation&scisdr=ClH3G_eSEOHPyA6xrx0:AFWwaeYAAAAAZru3tx2PDvywoLsqw8FkK7llwsc&scisig=AFWwaeYAAAAAZru3t4emcRU-R3ElV7VoS3dUn2A&scisf=4&ct=citation&cd=-1&hl=en

@article{wydick1999can,
  title={Can social cohesion be harnessed to repair market failures? Evidence from group lending in Guatemala},
  author={Wydick, Bruce},
  journal={The Economic Journal},
  volume={109},
  number={457},
  pages={463--475},
  year={1999},
  publisher={Oxford University Press Oxford, UK}
}
